<?xml version="1.0" encoding="UTF-8"?><collection xmlns="http://www.loc.gov/MARC21/slim"><record><leader>00320nam--2200121-i-4500</leader><controlfield tag="001">000004750</controlfield><controlfield tag="002">20161230</controlfield><controlfield tag="005">20161230201026</controlfield><controlfield tag="008">060222s1000------------r-----000-0-eng-d</controlfield><datafield ind1=" " ind2=" " tag="100"><subfield code="a">Corcoran W,M,H,Opfell J.B</subfield></datafield><datafield ind1=" " ind2=" " tag="245"><subfield code="a">Momentum fransfer in fluids</subfield></datafield><datafield ind1=" " ind2=" " tag="260"><subfield code="a">New York, Academic Press Inc., 1956 Xi + 394 P</subfield></datafield><datafield ind1=" " ind2=" " tag="852"><subfield code="a">14582</subfield></datafield></record></collection>